<record><leader>00000cas a2200000 a 4500</leader><controlfield tag="001">4896250</controlfield><controlfield tag="008">790425d19731987txudr ne      0   a0eng c</controlfield><controlfield tag="009">193</controlfield><datafield ind1=" " ind2=" " tag="010"><subfield code="a">sn 80009121 </subfield></datafield><datafield ind1=" " ind2=" " tag="040"><subfield code="a">IUA</subfield><subfield code="b">eng</subfield><subfield code="c">IUA</subfield><subfield code="d">NSD</subfield><subfield code="d">NPI</subfield><subfield code="d">DLC</subfield><subfield code="d">NPT</subfield><subfield code="d">PPM</subfield><subfield code="d">NST</subfield><subfield code="d">PPM</subfield><subfield code="d">DLC</subfield><subfield code="d">GUA</subfield><subfield code="d">DLC</subfield><subfield code="d">OCL</subfield><subfield code="d">CUS</subfield><subfield code="d">OCLCQ</subfield><subfield code="d">OCLCF</subfield></datafield><datafield ind1=" " ind2=" " tag="012"><subfield code="k">1</subfield><subfield code="m">1</subfield></datafield><datafield ind1="1" ind2=" " tag="022"><subfield code="a">0199-8560</subfield><subfield code="l">0199-8560</subfield><subfield code="2">1</subfield></datafield><datafield ind1="1" ind2=" " tag="029"><subfield code="a">AU@</subfield><subfield code="b">000020343515</subfield></datafield><datafield ind1=" " ind2=" " tag="032"><subfield code="a">037980</subfield><subfield code="b">USPS</subfield></datafield><datafield ind1=" " ind2=" " tag="042"><subfield code="a">nsdp</subfield><subfield code="a">pcc</subfield></datafield><datafield ind1=" " ind2=" " tag="043"><subfield code="a">n-us-tx</subfield></datafield><datafield ind1="0" ind2="0" tag="050"><subfield code="a">Newspaper</subfield></datafield><datafield ind1="0" ind2=" " tag="130"><subfield code="a">Austin American-statesman (Morning ed. : 1973)</subfield></datafield><datafield ind1=" " ind2="0" tag="222"><subfield code="a">Austin American-statesman</subfield></datafield><datafield ind1="0" ind2="0" tag="245"><subfield code="a">Austin American-statesman.</subfield></datafield><datafield ind1="1" ind2="0" tag="246"><subfield code="a">Austin American statesman</subfield></datafield><datafield ind1=" " ind2=" " tag="250"><subfield code="a">Morning ed.</subfield></datafield><datafield ind1=" " ind2=" " tag="260"><subfield code="a">Austin, Tex. :</subfield><subfield code="b">Newspapers Inc.,</subfield><subfield code="c">1973-1987.</subfield></datafield><datafield ind1=" " ind2=" " tag="300"><subfield code="a">v. :</subfield><subfield code="b">ill. ;</subfield><subfield code="c">58 cm.</subfield></datafield><datafield ind1=" " ind2=" " tag="310"><subfield code="a">Daily</subfield></datafield><datafield ind1="0" ind2=" " tag="362"><subfield code="a">Vol. 60, no. 110 (Nov. 5, 1973)-v. 116, no. 222 (Mar. 4, 1987).</subfield></datafield><datafield ind1=" " ind2=" " tag="515"><subfield code="a">Saturday and Sunday papers have separate numbering scheme until July 30-31, 1977.</subfield></datafield><datafield ind1=" " ind2=" " tag="530"><subfield code="a">Also issued on microfilm and online.</subfield></datafield><datafield ind1=" " ind2="0" tag="651"><subfield code="a">Austin (Tex.)</subfield><subfield code="v">Newspapers.</subfield></datafield><datafield ind1=" " ind2="7" tag="655"><subfield code="a">Newspapers.</subfield><subfield code="2">fast</subfield><subfield code="0">(OCoLC)fst01423814</subfield></datafield><datafield ind1=" " ind2="7" tag="651"><subfield code="a">Texas</subfield><subfield code="z">Austin.</subfield><subfield code="2">fast</subfield><subfield code="0">(OCoLC)fst01204313</subfield></datafield><datafield ind1=" " ind2=" " tag="752"><subfield code="a">United States</subfield><subfield code="b">Texas</subfield><subfield code="c">Travis</subfield><subfield code="d">Austin.</subfield></datafield><datafield ind1="0" ind2=" " tag="775"><subfield code="t">Austin American-statesman (Evening ed. : 1973)</subfield><subfield code="w">(DLC)sn 87090669</subfield><subfield code="w">(OCoLC)15154150</subfield></datafield><datafield ind1="0" ind2="0" tag="780"><subfield code="t">Austin American</subfield><subfield code="w">(DLC)sn 83026380</subfield><subfield code="w">(OCoLC)9946647</subfield></datafield><datafield ind1="0" ind2="7" tag="785"><subfield code="t">Austin American-statesman (Evening ed. : 1973)</subfield><subfield code="w">(DLC)sn 87090669</subfield><subfield code="w">(OCoLC)15154150</subfield></datafield><datafield ind1="0" ind2="7" tag="785"><subfield code="t">Austin American-statesman</subfield><subfield code="w">(DLC)sn 87090670</subfield><subfield code="w">(OCoLC)16968488</subfield></datafield><datafield ind1="4" ind2="1" tag="856"><subfield code="u">http://www.lexisnexis.com/us/lnacademic/api/version1/sf?shr=t&amp;sfi=AC00NBGenSrch&amp;csi=147871</subfield></datafield></record>